@misc{src,
	title={{U.~S{.} Bill of Rights:
		in the original English with translations
		to Swedish, Finnish, and French}},
	url={https://github.com/justinacolmena/bor},
	author={Justina Colmena},
	year={2017--},
	note={Open source. Public domain. \LaTeX\textsuperscript{\textregistered} source code for this document}
}

@misc{doc,
	title={{U.~S{.} Bill of Rights:
		in the original English with translations
		to Swedish, Finnish, and French}},
	url={https://colmena.biz/~justina/bor/bor.pdf},
	author={Justina Colmena},
	year={2017--},
	note={This document as PDF}
}

@misc{jpfo-bor,
	title={{Jews for the Preservation of Firearms Ownership: Bill of Rights in 15 Different Languages}},
	url={http://jpfo.org/your10rights/bortranslate.html},
	year={2005--2009}
}

@misc{gpo-18usc922-2011,
	title={{Title 18 (United States Code) -- CRIMES AND CRIMINAL PROCEDURE:
		PART I -- CRIMES:
		CHAPTER 44 -- FIREARMS:
		Sec. 922 -- Unlawful acts}},
	url={https://www.gpo.gov/fdsys/granule/USCODE-2011-title18/USCODE-2011-title18-partI-chap44-sec922},
	year={2011},
	note={HTML URL \url{https://www.gpo.gov/fdsys/granule/USCODE-2011-title18/USCODE-2011-title18-partI-chap44-sec922}.
		PDF URL \url{https://www.gpo.gov/fdsys/pkg/USCODE-2011-title18/pdf/USCODE-2011-title18-partI-chap44-sec922.pdf}}
}

@misc{gpo-18usc922-2015,
	title={{Title 18 (United States Code) -- CRIMES AND CRIMINAL PROCEDURE:
		PART I -- CRIMES:
		CHAPTER 44 -- FIREARMS:
		Sec. 922 -- Unlawful acts}},
	url={https://www.gpo.gov/fdsys/granule/USCODE-2015-title18/USCODE-2015-title18-partI-chap44-sec922},
	year={2015},
	note={HTML URL \url{https://www.gpo.gov/fdsys/granule/USCODE-2015-title18/USCODE-2015-title18-partI-chap44-sec922}.
		PDF URL \url{https://www.gpo.gov/fdsys/pkg/USCODE-2015-title18/pdf/USCODE-2015-title18-partI-chap44-sec922.pdf}}
}

@misc{jpfo-bor-fr,
	title={{ARTICLES ADDITIONNELS AMENDANT LA CONSTITUTION DES ETATS-UNIS}},
	url={http://jpfo.org/your10rights/pdf-doc/bor-french.pdf},
	note={In French},
	year={2005--2009}
}

@misc{jpfo-bor-es,
	title={\foreignlanguage{spanish}{Todos tenemos que celebrar el día de \textit{La Lista de los Derechos del Ciudadano}}},
	author={Stevens, {El Abogado Dr. Richard} W.},
	note={PDF. In Spanish},
	year={2005--2009},
	url={http://jpfo.org/your10rights/pdf-doc/bor-spanish.pdf}
}


@misc{cornell-18usc922-1992,
	title={{Cornell Law School Legal Information Institute: 18 U.S{.} Code {\S} 922 -- Unlawful acts}},
	publisher={Cornell Law School Legal Information Institute},
	year={1992--},
	url={https://www.law.cornell.edu/uscode/text/18/922}
}

@misc{wp-bor-sv,
	title={{Wikipedia: Bill of Rights (USA)}},
	publisher={Wikimedia Foundation},
	note={In Swedish},
	year={2005--},
	url={https://sv.wikipedia.org/wiki/Bill_of_Rights_(USA)}
}

@misc{wp-bor-fi,
	title={{Wikipedia: Bill of Rights (Yhdysvallat)}},
	url={https://fi.wikipedia.org/wiki/Bill_of_Rights_(Yhdysvallat)},
	publisher={Wikimedia Foundation},
	note={In Finnish},
	year={2009--}
}

@misc{wp-bor-fr,
	title={{Wikipédia: Déclaration des Droits (États-Unis)}},
	url={https://fr.wikipedia.org/wiki/Déclaration_des_Droits_(États-Unis)},
	publisher={Wikimedia Foundation},
	note={In French},
	year={2007--}
}

@misc{wp-bor-es,
	title={{Wikipedia: Carta de Derechos de los Estados Unidos}},
	url={https://es.wikipedia.org/wiki/Carta_de_Derechos_de_los_Estados_Unidos},
	publisher={Wikimedia Foundation},
	note={In Spanish},
	year={2006--}
}

@online{national-archives,
	title={{The Bill of Rights: A Transcription | National Archives}},
	url={https://www.archives.gov/founding-docs/bill-of-rights-transcript}
}
	
@online{bab.la,
	title={Onlinelexicon för 28 språk},
	url={https://sv.bab.la/}
	note={In Swedish}
}

@online{google-translate,
	title={{Google Translate}},
	url={https://translate.google.com/}
}

@online{collins-en-fr,
	title={{Collins French Dictionary}},
	url={https://www.collinsdictionary.com/dictionary/english-french}
}
	
@online{lexilogos-fr,
	title={{Lexilogos French Dictionary}},
	url={http://www.lexilogos.com/english/french_dictionary.htm}
}

@online{free-en-fi,
	title={{Free English--Finnish Dictionary}},
	url={https://www.suomienglantisanakirja.fi/english.php}
}

@online{lexilogos-fi,
	title={{Lexilogos Finnish Dictionary}},
	url={http://www.lexilogos.com/english/finnish_dictionary.htm}
}